<record><leader>00000cas a22000007a 4500</leader><controlfield tag="001">10899645</controlfield><controlfield tag="008">840629d18431852nhuwr ne      0    0eng d</controlfield><controlfield tag="009">330</controlfield><datafield ind1=" " ind2=" " tag="010"><subfield code="a">sn 84023631 </subfield></datafield><datafield ind1=" " ind2=" " tag="040"><subfield code="a">AQM</subfield><subfield code="b">eng</subfield><subfield code="c">AQM</subfield><subfield code="d">NPX</subfield><subfield code="d">DLC</subfield><subfield code="d">NVH</subfield><subfield code="d">DLC</subfield><subfield code="d">OCLCF</subfield></datafield><datafield ind1="1" ind2=" " tag="029"><subfield code="a">AU@</subfield><subfield code="b">000025826111</subfield></datafield><datafield ind1=" " ind2=" " tag="042"><subfield code="a">msc</subfield></datafield><datafield ind1=" " ind2=" " tag="043"><subfield code="a">n-us-nh</subfield></datafield><datafield ind1="0" ind2="0" tag="050"><subfield code="a">Newspaper</subfield></datafield><datafield ind1="0" ind2="0" tag="245"><subfield code="a">Cheshire Republican and farmer.</subfield></datafield><datafield ind1="0" ind2="0" tag="246"><subfield code="a">Republican and farmer</subfield></datafield><datafield ind1=" " ind2=" " tag="260"><subfield code="a">Keene, N.H. :</subfield><subfield code="b">B. Cooke</subfield></datafield><datafield ind1=" " ind2=" " tag="300"><subfield code="a">v.</subfield></datafield><datafield ind1=" " ind2=" " tag="310"><subfield code="a">Weekly</subfield></datafield><datafield ind1="1" ind2=" " tag="362"><subfield code="a">Began in 1843.</subfield></datafield><datafield ind1="0" ind2=" " tag="362"><subfield code="a">-v. 19, no. 21 (Dec. 29, 1852).</subfield></datafield><datafield ind1=" " ind2=" " tag="588"><subfield code="a">Description based on: New ser. v. 9, no. 38 (May 11, 1843) = v. 16, whole no. 817.</subfield></datafield><datafield ind1=" " ind2="0" tag="651"><subfield code="a">Keene (N.H.)</subfield><subfield code="v">Newspapers.</subfield></datafield><datafield ind1=" " ind2="7" tag="655"><subfield code="a">Newspapers.</subfield><subfield code="2">fast</subfield><subfield code="0">(OCoLC)fst01423814</subfield></datafield><datafield ind1=" " ind2="7" tag="651"><subfield code="a">New Hampshire</subfield><subfield code="z">Keene.</subfield><subfield code="2">fast</subfield><subfield code="0">(OCoLC)fst01218760</subfield></datafield><datafield ind1=" " ind2=" " tag="752"><subfield code="a">United States</subfield><subfield code="b">New Hampshire</subfield><subfield code="c">Cheshire</subfield><subfield code="d">Keene.</subfield></datafield><datafield ind1="0" ind2="0" tag="780"><subfield code="t">Cheshire Republican and farmers' museum</subfield><subfield code="w">(DLC)sn 84023630</subfield><subfield code="w">(OCoLC)10899603</subfield></datafield><datafield ind1="0" ind2="0" tag="785"><subfield code="t">Cheshire Republican</subfield><subfield code="w">(DLC)sn 84023632</subfield><subfield code="w">(OCoLC)10899714</subfield></datafield></record>